@INPROCEEDINGS{Guo2017WL, 
    author={Y. {Guo} and W. {Wang} and S. {Li}}, 
    booktitle={2017 18th International Conference on Parallel and Distributed Computing, Applications and Technologies (PDCAT)}, 
    title={Feature-Based Adaptive Block Partition Method for Data Prefetching in Streamline Visualization}, 
    year={2017}, 
    volume={}, 
    number={}, 
    pages={510-515}, 
    doi={10.1109/PDCAT.2017.00087}, 
    ISSN={null}, 
    month={Dec},
}

@article{isenburg2005lossless,
  title={Lossless compression of predicted floating-point geometry},
  author={Isenburg, Martin and Lindstrom, Peter and Snoeyink, Jack},
  journal={Computer-Aided Design},
  volume={37},
  number={8},
  pages={869--877},
  year={2005},
  publisher={Elsevier}
}

@inproceedings{CarnsLRT00,
  author    = {Philip H. Carns and
               Walter B. Ligon III and
               Robert B. Ross and
               Rajeev Thakur},
  title     = {{PVFS:} {A} Parallel File System for Linux Clusters},
  booktitle = {4th Annual Linux Showcase {\&} Conference 2000},
  year      = {2000},
  timestamp = {Fri, 23 May 2014 16:49:14 +0200},
  bibsource = {dblp computer science bibliography, http://dblp.org}
}

@article{Cluster02,
  author = {Cluster File Systems Inc.},
  title = {Lustre: A Scalable, High Performance File System},
  journal = {whitepaper},
  year = {2002}
} 

@article{lindstrom2014fixed,
  title={Fixed-rate compressed floating-point arrays},
  author={Lindstrom, Peter},
  journal={IEEE transactions on visualization and computer graphics},
  volume={20},
  number={12},
  pages={2674--2683},
  year={2014},
  publisher={IEEE}
}

@inproceedings{bi20142,
  title={2-3-4 combination for parallel compression on the K computer},
  author={Bi, Chongke and Ono, Kenji},
  booktitle={2014 IEEE Pacific Visualization Symposium},
  pages={281--285},
  year={2014},
  organization={IEEE}
}

@inproceedings{ellsworth2004interactive,
  title={Interactive terascale particle visualization},
  author={Ellsworth, David and Green, Bryan and Moran, Patrick},
  booktitle={Proceedings of the conference on Visualization'04},
  pages={353--360},
  year={2004},
  organization={IEEE Computer Society}
}

@inproceedings{usevitch2005jpeg2000,
  title={JPEG2000 compliant lossless coding of floating point data},
  author={Usevitch, Bryan},
  booktitle={Data Compression Conference},
  pages={484},
  year={2005},
  organization={IEEE}
}

@article{fout2012adaptive,
  title={An adaptive prediction-based approach to lossless compression of floating-point volume data},
  author={Fout, Nathaniel and Ma, Kwan-Liu},
  journal={IEEE Transactions on Visualization and Computer Graphics},
  volume={18},
  number={12},
  pages={2295--2304},
  year={2012},
  publisher={IEEE}
}



@inproceedings{ratanaworabhan2006fast,
  title={Fast lossless compression of scientific floating-point data},
  author={Ratanaworabhan, Paruj and Ke, Jian and Burtscher, Martin},
  booktitle={Data Compression Conference (DCC'06)},
  pages={133--142},
  year={2006},
  organization={IEEE}
}

@inproceedings{tao1994progressive,
  title={Progressive transmission of scientific data using biorthogonal wavelet transform},
  author={Tao, Hai and Moorhead, Robert J},
  booktitle={Proceedings of the conference on Visualization'94},
  pages={93--99},
  year={1994},
  organization={IEEE Computer Society Press}
}

@article{hong2017compression,
  title={Compression-based integral curve data reuse framework for flow visualization},
  author={Hong, Fan and Bi, Chongke and Guo, Hanqi and Ono, Kenji and Yuan, Xiaoru},
  journal={Journal of Visualization},
  volume={20},
  number={4},
  pages={859--874},
  year={2017},
  publisher={Springer}
}

@article{ci2010atomic,
  title={Atomic layers of hybridized boron nitride and graphene domains},
  author={Ci, Lijie and Song, Li and Jin, Chuanhong and Jariwala, Deep and Wu, Dangxin and Li, Yongjie and Srivastava, Anchal and Wang, ZF and Storr, Kevin and Balicas, Luis and others},
  journal={Nature materials},
  volume={9},
  number={5},
  pages={430},
  year={2010},
  publisher={Nature Publishing Group}
}

@inproceedings{zhang2016efficient,
  title={Efficient unsteady flow visualization with high-order access dependencies},
  author={Zhang, Jiang and Guo, Hanqi and Yuan, Xiaoru},
  booktitle={2016 IEEE Pacific Visualization Symposium (PacificVis)},
  pages={80--87},
  year={2016},
  organization={IEEE}
}

@INPROCEEDINGS{Hong2018LSTM, 
    author={F. {Hong} and J. {Zhang} and X. {Yuan}}, 
    booktitle={2018 IEEE Pacific Visualization Symposium (PacificVis)}, 
    title={Access Pattern Learning with Long Short-Term Memory for Parallel Particle Tracing}, 
    year={2018}, 
    volume={}, 
    number={}, 
    pages={76-85}, 
    keywords={data visualisation;learning (artificial intelligence);neural nets;pattern classification;long short-term memory;access pattern estimation approach;flow field visualization;deep neural networks;strong generalization ability;parallel particle tracing framework;pattern learning;LSTM;Data models;Prefetching;Task analysis;Machine learning;Estimation;Predictive models;Recurrent neural networks;Flow Visualization;Machine Learning;Particle Tracing;Deep Learning}, 
    doi={10.1109/PacificVis.2018.00018}, 
    ISSN={2165-8773}, 
    month={April},
}

@article{guo2014advection,
  title={Advection-based sparse data management for visualizing unsteady flow},
  author={Guo, Hanqi and Zhang, Jiang and Liu, Richen and Liu, Lu and Yuan, Xiaoru and Huang, Jian and Meng, Xiangfei and Pan, Jingshan},
  journal={IEEE Transactions on Visualization and Computer Graphics},
  volume={20},
  number={12},
  pages={2555--2564},
  year={2014},
  publisher={IEEE}
}
% vim:ts=4:sw=4

% This file was created with JabRef 2.10.
% Encoding: UTF-8

@InProceedings{AkandeR13,
  Title                    = {Iteration Aware Prefetching for Unstructured Grids},
  Author                   = {Oyindamola O. Akande and Philip J. Rhodes},
  Booktitle                = {Proceedings of the 2013 IEEE International Conference on Big Data},
  Year                     = {2013},
  Pages                    = {219-227},
  Bibsource                = {DBLP, http://dblp.uni-trier.de},
  File                     = {:/home/jiangzhang/paper/reading/particle tracing/AkandeR13.pdf:PDF}
}

@Article{BarakatT13,
  Title                    = {Adaptive Refinement of the Flow Map Using Sparse Samples},
  Author                   = {Samer S. Barakat and Xavier Tricoche},
  Journal                  = {IEEE Transactions on Visualization and Computer Graphics},
  Year                     = {2013},
  Number                   = {12},
  Pages                    = {2753--2762},
  Volume                   = {19},

  Bibsource                = {DBLP, http://dblp.uni-trier.de},
  File                     = {:/home/jiangzhang/paper/reading/particle tracing/BarakatT13.pdf:PDF}
}

@InProceedings{BruckschenKHJ01,
  Title                    = {Real-Time Out-of-core Visualization of Particle Traces},
  Author                   = {Ralph Bruckschen and
 Falko Kuester and
 Bernd Hamann and
 Kenneth I. Joy},
  Booktitle                = {Proceedings of the IEEE 2001 Symposium on Parallel and Large-Data
 Visualization and Graphics},
  Year                     = {2001},
  Pages                    = {45--50},

  __markedentry            = {[jiangzhang:2]},
  Bibsource                = {dblp computer science bibliography, http://dblp.org},
  File                     = {:/home/jiangzhang/paper/reading/particle tracing/BruckschenKHJ01.pdf:PDF}
}

@InProceedings{BynaCSTG08,
  Title                    = {Parallel {I/O} Prefetching Using {MPI} File Caching and {I/O} Signatures},
  Author                   = {Surendra Byna and
 Yong Chen and
 Xian{-}He Sun and
 Rajeev Thakur and
 William Gropp},
  Booktitle                = {SC08: Proceedings of the ACM/IEEE Conference on Supercomputing},
  Year                     = {2008},
  Pages                    = {44:1--44:12},

  __markedentry            = {[jiangzhang:2]},
  Bibsource                = {dblp computer science bibliography, http://dblp.org},
  File                     = {:/home/jiangzhang/paper/reading/particle tracing/BynaCSTG08.pdf:PDF}
}

@InProceedings{CabralL93,
  Title                    = {Imaging Vector Fields Using Line Integral Convolution},
  Author                   = {Brian Cabral and Leith Casey Leedom},
  Booktitle                = {Proceedings of SIGGRAPH 1993},
  Year                     = {1993},
  Pages                    = {263--270},

  Bibsource                = {DBLP, http://dblp.uni-trier.de},
  File                     = {:/home/jiangzhang/paper/reading/particle tracing/CabralL93.pdf:PDF}
}

@InProceedings{CampGCPJ12,
  Title                    = {Parallel Stream Surface Computation for Large Data Sets},
  Author                   = {David Camp and
 Christoph Garth and
 Hank Childs and
 David Pugmire and
 Kenneth I. Joy},
  Booktitle                = {Proceedings of IEEE Symposium on Large Data Analysis and Visualization 2012},
  Year                     = {2012},
  Pages                    = {39--47},

  __markedentry            = {[jiangzhang:3]},
  Bibsource                = {dblp computer science bibliography, http://dblp.org},
  File                     = {:/home/jiangzhang/paper/reading/particle tracing/CampGCPJ12.pdf:PDF}
}

@Article{CampGCPJ11,
  Title                    = {Streamline Integration Using {MPI}-Hybrid Parallelism on a Large Multicore
 Architecture},
  Author                   = {David Camp and
 Christoph Garth and
 Hank Childs and
 David Pugmire and
 Kenneth I. Joy},
  Journal                  = {IEEE Transactions on Visualization and Computer Graphics},
  Year                     = {2011},
  Number                   = {11},
  Pages                    = {1702--1713},
  Volume                   = {17},
  Bibsource                = {dblp computer science bibliography, http://dblp.org},
  File                     = {:/home/jiangzhang/paper/reading/particle tracing/CampGCPJ11.pdf:PDF}
}

@InProceedings{CampKPGJBJC13,
  Title                    = {{GPU} Acceleration of Particle Advection Workloads in a Parallel,
 Distributed Memory Setting},
  Author                   = {David Camp and
 Harinarayan Krishnan and
 David Pugmire and
 Christoph Garth and
 Ian Johnson and
 E. Wes Bethel and
 Kenneth I. Joy and
 Hank Childs},
  Booktitle                = {EGPGV13: Eurographics Symposium on Parallel Graphics and Visualization},
  Year                     = {2013},
  Pages                    = {1--8},
  Bibsource                = {dblp computer science bibliography, http://dblp.org},
  File                     = {:/home/jiangzhang/paper/reading/particle tracing/CampKPGJBJC13.pdf:PDF}
}

@InProceedings{ChenNLS12,
  Title                    = {Flow-Guided File Layout for Out-of-core Pathline Computation},
  Author                   = {Chun{-}Ming Chen and
 Boonthanome Nouanesengsy and
 Teng{-}Yok Lee and
 Han{-}Wei Shen},
  Booktitle                = {Proceedings of IEEE Symposium on Large Data Analysis and Visualization 2012},
  Year                     = {2012},
  Pages                    = {109--112},

  __markedentry            = {[jiangzhang:3]},
  Bibsource                = {dblp computer science bibliography, http://dblp.org},
  File                     = {:/home/jiangzhang/paper/reading/particle tracing/ChenNLS12.pdf:PDF}
}

@InProceedings{ChenS13,
  Title                    = {Graph-based Seed Scheduling for Out-of-core {FTLE} and Pathline computation},
  Author                   = {Chun{-}Ming Chen and
 Han{-}Wei Shen},
  Booktitle                = {Proceedings of IEEE Symposium on Large Data Analysis and Visualization 2013},
  Year                     = {2013},
  Pages                    = {15--23},

  __markedentry            = {[jiangzhang:3]},
  Bibsource                = {dblp computer science bibliography, http://dblp.org},
  File                     = {:/home/jiangzhang/paper/reading/particle tracing/ChenS13.pdf:PDF}
}

@InProceedings{ChenXLS12,
  Title                    = {A Flow-Guided File Layout for Out-of-core Streamline Computation},
  Author                   = {Chun{-}Ming Chen and
 Lijie Xu and
 Teng{-}Yok Lee and
 Han{-}Wei Shen},
  Booktitle                = {Proceedings of IEEE Pacific Visualization Symposium 2012},
  Year                     = {2012},
  Pages                    = {145--152},
  Bibsource                = {dblp computer science bibliography, http://dblp.org},
  File                     = {:/home/jiangzhang/paper/reading/particle tracing/ChenXLS12.pdf:PDF}
}

@InProceedings{ChenF08,
  Title                    = {Optimizing Parallel Performance of Streamline Visualization for Large
 Distributed Flow Datasets},
  Author                   = {Li Chen and
 Issei Fujishiro},
  Booktitle                = {Proceedings of IEEE Pacific Visualization Symposium 2008},
  Year                     = {2008},
  Pages                    = {87--94},

  __markedentry            = {[jiangzhang:3]},
  Bibsource                = {dblp computer science bibliography, http://dblp.org},
  File                     = {:/home/jiangzhang/paper/reading/particle tracing/ChenF08.pdf:PDF}
}

@InProceedings{ChenBSTG08,
  Title                    = {Hiding {I/O} Latency with Pre-execution Prefetching for Parallel Applications},
  Author                   = {Yong Chen and
 Surendra Byna and
 Xian{-}He Sun and
 Rajeev Thakur and
 William Gropp},
  Booktitle                = {SC08: Proceedings of the ACM/IEEE Conference on Supercomputing},
  Year                     = {2008},
  Pages                    = {40:1--40:10},

  __markedentry            = {[jiangzhang:2]},
  Bibsource                = {dblp computer science bibliography, http://dblp.org},
  File                     = {:/home/jiangzhang/paper/reading/particle tracing/ChenBSTG08.pdf:PDF}
}

@InProceedings{DinanLSKN09,
  Title                    = {Scalable Work Stealing},
  Author                   = {James Dinan and
 D. Brian Larkins and
 P. Sadayappan and
 Sriram Krishnamoorthy and
 Jarek Nieplocha},
  Booktitle                = {SC09: Proceedings of the ACM/IEEE Conference on Supercomputing},
  Year                     = {2009},
  Pages                    = {53:1--53:11},

  __markedentry            = {[jiangzhang:3]},
  Bibsource                = {dblp computer science bibliography, http://dblp.org},
  File                     = {:/home/jiangzhang/paper/reading/particle tracing/DinanLSKN09.pdf:PDF}
}

@Article{EdmundsLCMZW12,
  Title                    = {Surface-based Flow Visualization},
  Author                   = {Matt Edmunds and Robert S. Laramee and Guoning Chen and Nelson Max and Eugene Zhang and Colin Ware},
  Journal                  = {Computers {\&} Graphics},
  Year                     = {2012},
  Number                   = {8},
  Pages                    = {974--990},
  Volume                   = {36},

  Abstract                 = {local-range analysis},
  Bibsource                = {DBLP, http://dblp.uni-trier.de},
  File                     = {:/home/jiangzhang/paper/reading/particle tracing/EdmundsLCMZW12.pdf:PDF}
}

@InProceedings{EllsworthGM04,
  Title                    = {Interactive Terascale Particle Visualization},
  Author                   = {David Ellsworth and
 Bryan Green and
 Patrick J. Moran},
  Booktitle                = {Proceedings of IEEE Visualization 2004},
  Year                     = {2004},
  Pages                    = {353--360},

  __markedentry            = {[jiangzhang:2]},
  Bibsource                = {dblp computer science bibliography, http://dblp.org},
  File                     = {:/home/jiangzhang/paper/reading/particle tracing/EllsworthGM04.pdf:PDF}
}

@Article{GarthGTH07,
  Title                    = {Efficient Computation and Visualization of Coherent Structures in Fluid Flow Applications},
  Author                   = {Christoph Garth and Florian Gerhardt and Xavier Tricoche and Hans Hagen},
  Journal                  = {IEEE Computer Graphics and Applications},
  Year                     = {2007},
  Number                   = {6},
  Pages                    = {1464--1471},
  Volume                   = {13},

  Bibsource                = {DBLP, http://dblp.uni-trier.de},
  File                     = {:/home/jiangzhang/paper/reading/particle tracing/GarthGTH07.pdf:PDF}
}

@InProceedings{GuoHSZHY14,
  Title                    = {Scalable Lagrangian-Based Attribute Space Projection for Multivariate
 Unsteady Flow Data},
  Author                   = {Hanqi Guo and
 Fan Hong and
 Qingya Shu and
 Jiang Zhang and
 Jian Huang and
 Xiaoru Yuan},
  Booktitle                = {Proceedings of IEEE Pacific Visualization Symposium 2014},
  Year                     = {2014},
  Pages                    = {33--40},
  Bibsource                = {dblp computer science bibliography, http://dblp.org},
  File                     = {:/home/jiangzhang/paper/reading/particle tracing/GuoHSZHY14.pdf:PDF}
}

@Article{GuoYHZ13,
  Title                    = {Coupled Ensemble Flow Line Advection and Analysis},
  Author                   = {Hanqi Guo and
 Xiaoru Yuan and
 Jian Huang and
 Xiaomin Zhu},
  Journal                  = {IEEE Transactions on Visualization and Computer Graphics},
  Year                     = {2013},
  Number                   = {12},
  Pages                    = {2733--2742},
  Volume                   = {19},

  __markedentry            = {[jiangzhang:3]},
  Bibsource                = {dblp computer science bibliography, http://dblp.org},
  File                     = {:/home/jiangzhang/paper/reading/particle tracing/GuoYHZ13.pdf:PDF}
}

@Article{GuoZLLYHMP14,
  Title                    = {Advection-Based Sparse Data Management for Visualizing Unsteady Flow},
  Author                   = {Hanqi Guo and
 Jiang Zhang and
 Richen Liu and
 Lu Liu and
 Xiaoru Yuan and
 Jian Huang and
 Xiangfei Meng and
 Jingshan Pan},
  Journal                  = {IEEE Transactions on Visualization and Computer Graphics},
  Year                     = {2014},
  Number                   = {12},
  Pages                    = {2555--2564},
  Volume                   = {20},

  __markedentry            = {[jiangzhang:3]},
  Bibsource                = {dblp computer science bibliography, http://dblp.org},
  File                     = {:/home/jiangzhang/paper/reading/particle tracing/GuoZLLYHMP14.pdf:PDF}
}

@Article{HlawatschSW11,
  Title                    = {Hierarchical Line Integration},
  Author                   = {Marcel Hlawatsch and
 Filip Sadlo and
 Daniel Weiskopf},
  Journal                  = {IEEE Transactions on Visualization and Computer Graphics},
  Year                     = {2011},
  Number                   = {8},
  Pages                    = {1148--1163},
  Volume                   = {17},

  __markedentry            = {[jiangzhang:]},
  Bibsource                = {dblp computer science bibliography, http://dblp.org},
  File                     = {:/home/jiangzhang/paper/reading/particle tracing/HlawatschSW11.pdf:PDF},
  Timestamp                = {Mon, 08 Aug 2011 08:45:17 +0200}
}

@InProceedings{KendallWAPHE11,
  Title                    = {Simplified Parallel Domain Traversal},
  Author                   = {Wesley Kendall and
 Jingyuan Wang and
 Melissa Allen and
 Tom Peterka and
 Jian Huang and
 David Erickson},
  Booktitle                = {SC11: Proceedings of the ACM/IEEE Conference on Supercomputing},
  Year                     = {2011},
  Pages                    = {10:1--10:11},

  __markedentry            = {[jiangzhang:3]},
  Bibsource                = {dblp computer science bibliography, http://dblp.org},
  File                     = {:/home/jiangzhang/paper/reading/particle tracing/KendallWAPHE11.pdf:PDF}
}

@Article{LarameeHDVPW04,
  Title                    = {The State of the Art in Flow Visualization: dense and Texture-Based Techniques},
  Author                   = {Robert Laramee and Helwig Hauser and Helmut Doleisch and Benjamin Vrolijk and Frits Post and Daniel Weiskopf},
  Journal                  = {Computer Graphics Forum},
  Year                     = {2004},
  Number                   = {2},
  Pages                    = {203--222},
  Volume                   = {23},

  Bibsource                = {DBLP, http://dblp.uni-trier.de},
  File                     = {:/home/jiangzhang/paper/reading/particle tracing/LarameeHDVPW04.pdf:PDF}
}

@InProceedings{LuSP14,
  Title                    = {Scalable Computation of Stream Surfaces on Large Scale Vector Fields},
  Author                   = {Kewei Lu and
 Han{-}Wei Shen and
 Tom Peterka},
  Booktitle                = {SC14: Proceedings of the ACM/IEEE Conference on Supercomputing},
  Year                     = {2014},
  Pages                    = {1008--1019},

  __markedentry            = {[jiangzhang:3]},
  Bibsource                = {dblp computer science bibliography, http://dblp.org},
  File                     = {:/home/jiangzhang/paper/reading/particle tracing/LuSP14.pdf:PDF}
}

@InProceedings{MullerCHG13,
  Title                    = {Distributed Parallel Particle Advection using Work Requesting},
  Author                   = {Cornelius M{\"{u}}ller and
 David Camp and
 Bernd Hentschel and
 Christoph Garth},
  Booktitle                = {Proceedings of IEEE Symposium on Large Data Analysis and Visualization 2013},
  Year                     = {2013},
  Pages                    = {1--6},

  __markedentry            = {[jiangzhang:3]},
  Bibsource                = {dblp computer science bibliography, http://dblp.org},
  File                     = {:/home/jiangzhang/paper/reading/particle tracing/MullerCHG13.pdf:PDF}
}

@Article{McLoughlinLPPC10,
  Title                    = {Over Two Decades of Integration-Based, Geometric Flow Visualization},
  Author                   = {Tony McLoughlin and Robert S. Laramee and Ronald Peikert and Frits H. Post and Min Chen},
  Journal                  = {Computer Graphics Forum},
  Year                     = {2010},
  Number                   = {6},
  Pages                    = {1807--1829},
  Volume                   = {29},

  File                     = {:/home/jiangzhang/paper/reading/particle tracing/McLoughlinLPPC2010.pdf:PDF}
}

@InProceedings{NouanesengsyLLSP12,
  Title                    = {Parallel Particle Advection and {FTLE} Computation for Time-Varying
 Flow Fields},
  Author                   = {Boonthanome Nouanesengsy and
 Teng{-}Yok Lee and
 Kewei Lu and
 Han{-}Wei Shen and
 Tom Peterka},
  Booktitle                = {SC12: Proceedings of the ACM/IEEE Conference on Supercomputing},
  Year                     = {2012},
  Pages                    = {61:1--61:11},

  __markedentry            = {[jiangzhang:3]},
  Bibsource                = {dblp computer science bibliography, http://dblp.org},
  File                     = {:/home/jiangzhang/paper/reading/particle tracing/NouanesengsyLLSP12.pdf:PDF}
}

@Article{NouanesengsyLS11,
  Title                    = {Load-Balanced Parallel Streamline Generation on Large Scale Vector
 Fields},
  Author                   = {Boonthanome Nouanesengsy and
 Teng{-}Yok Lee and
 Han{-}Wei Shen},
  Journal                  = {IEEE Transactions on Visualization and Computer Graphics},
  Year                     = {2011},
  Number                   = {12},
  Pages                    = {1785--1794},
  Volume                   = {17},

  __markedentry            = {[jiangzhang:3]},
  Bibsource                = {dblp computer science bibliography, http://dblp.org},
  File                     = {:/home/jiangzhang/paper/reading/particle tracing/NouanesengsyLS11.pdf:PDF}
}

@InProceedings{PeterkaRNLSKH11,
  Title                    = {A Study of Parallel Particle Tracing for Steady-State and Time-Varying
 Flow Fields},
  Author                   = {Tom Peterka and
 Robert B. Ross and
 Boonthanome Nouanesengsy and
 Teng{-}Yok Lee and
 Han{-}Wei Shen and
 Wesley Kendall and
 Jian Huang},
  Booktitle                = {IPDPS11: Proceedings of IEEE International Symposium on Parallel and Distributed Processing},
  Year                     = {2011},
  Pages                    = {580--591},

  __markedentry            = {[jiangzhang:3]},
  Bibsource                = {dblp computer science bibliography, http://dblp.org},
  File                     = {:/home/jiangzhang/paper/reading/particle tracing/PeterkaRNLSKH11.pdf:PDF}
}

@Article{PostVHLD03,
  Title                    = {The State of the Art in Flow Visualisation: Feature Extraction and Tracking},
  Author                   = {Frits Post and Benjamin Vrolijk and Helwig Hauser and Robert Laramee and Helmut Doleisch},
  Journal                  = {Computer Graphics Forum},
  Year                     = {2003},
  Number                   = {4},
  Pages                    = {1--17},
  Volume                   = {22},

  File                     = {:/home/jiangzhang/paper/reading/particle tracing/PostVHLD2003.pdf:PDF}
}

@InProceedings{PugmireCGAW09,
  Title                    = {Scalable Computation of Streamlines on Very Large Datasets},
  Author                   = {David Pugmire and
 Hank Childs and
 Christoph Garth and
 Sean Ahern and
 Gunther H. Weber},
  Booktitle                = {SC09: Proceedings of the ACM/IEEE Conference on Supercomputing},
  Year                     = {2009},
  Pages                    = {16:1--16:12},

  __markedentry            = {[jiangzhang:3]},
  Bibsource                = {dblp computer science bibliography, http://dblp.org},
  File                     = {:/home/jiangzhang/paper/reading/particle tracing/PugmireCGAW09.pdf:PDF}
}

@InProceedings{ShenK97,
  Title                    = {{UFLIC}: A Line Integral Convolution Algorithm for Visualizing Unsteady Flows},
  Author                   = {Han-Wei Shen and David L. Kao},
  Booktitle                = {Proceedings of IEEE Visualization 1997},
  Year                     = {1997},
  Pages                    = {317--322},

  Bibsource                = {DBLP, http://dblp.uni-trier.de},
  File                     = {:/home/jiangzhang/paper/reading/particle tracing/ShenK97.pdf:PDF}
}

@Article{silva2002out,
  Title                    = {Out-of-core Algorithms for Scientific Visualization and Computer Graphics},
  Author                   = {Silva, Claudio and Chiang, Yi-Jen and El-Sana, Jihad and Lindstrom, Peter},
  Journal                  = {IEEE Visualization Course Notes},
  Year                     = {2002},

  __markedentry            = {[jiangzhang:2]},
  File                     = {:/home/jiangzhang/paper/reading/particle tracing/silva2002out.pdf:PDF}
}

@Article{UengSM97,
  Title                    = {Out-of-Core Streamline Visualization on Large Unstructured Meshes},
  Author                   = {Shyh{-}Kuang Ueng and
 Christopher A. Sikorski and
 Kwan{-}Liu Ma},
  Journal                  = {IEEE Transactions on Visualization and Computer Graphics},
  Year                     = {1997},
  Number                   = {4},
  Pages                    = {370--380},
  Volume                   = {3},

  __markedentry            = {[jiangzhang:2]},
  Bibsource                = {dblp computer science bibliography, http://dblp.org},
  File                     = {:/home/jiangzhang/paper/reading/particle tracing/UengSM97.pdf:PDF}
}

@InProceedings{YuWM07,
  Title                    = {Parallel Hierarchical Visualization of Large Time-Varying {3D} Vector
 Fields},
  Author                   = {Hongfeng Yu and
 Chaoli Wang and
 Kwan{-}Liu Ma},
  Booktitle                = {SC07: Proceedings of the ACM/IEEE Conference on Supercomputing},
  Year                     = {2007},
  Pages                    = {24:1--24:12},

  __markedentry            = {[jiangzhang:3]},
  Bibsource                = {dblp computer science bibliography, http://dblp.org},
  File                     = {:/home/jiangzhang/paper/reading/particle tracing/YuWM07.pdf:PDF}
}

@article{KendallHPLR11,
  author    = {Wesley Kendall and
               Jian Huang and
               Tom Peterka and
               Robert Latham and
               Robert B. Ross},
  title     = {Toward a General {I/O} Layer for Parallel-Visualization Applications},
  journal   = {{IEEE} Computer Graphics and Applications},
  volume    = {31},
  number    = {6},
  pages     = {6--10},
  year      = {2011},
  timestamp = {Mon, 24 Oct 2011 17:32:47 +0200},
  biburl    = {http://dblp.uni-trier.de/rec/bib/journals/cga/KendallHPLR11}
}

@article{Haller2001,
  title={Distinguished material surfaces and coherent structures in three-dimensional fluid flows},
  author={Haller, George},
  journal={Physica D: Nonlinear Phenomena},
  volume={149},
  number={4},
  pages={248--277},
  year={2001},
  publisher={Elsevier}
}

@article{JeffreyS08,
  author = {Dean Jeffrey and Ghemawat Sanjay},
  title = {MapReduce: Simplified Data Processing on Large Clusters},
  journal = {Communications of the ACM},
  volume = {51},
  number = {1},
  year = {2008},
  pages = {107--113}
} 



@inproceedings{SchmuckH02,
  author    = {Frank B. Schmuck and
               Roger L. Haskin},
  title     = {{GPFS:} {A} Shared-Disk File System for Large Computing Clusters},
  booktitle = {Proceedings of the {FAST} '02 Conference on File and Storage Technologies},
  pages     = {231--244},
  year      = {2002},
  timestamp = {Thu, 15 May 2014 18:36:22 +0200},
  bibsource = {dblp computer science bibliography, http://dblp.org}
}

@article{SisnerosJHGPS07,
  author    = {Robert Sisneros and
               Chad Jones and
               Jian Huang and
               Jinzhu Gao and
               Byung{-}Hoon Park and
               Nagiza F. Samatova},
  title     = {A Multi-Level Cache Model for Run-Time Optimization of Remote Visualization},
  journal   = {IEEE Transactions on Visualization and Computer Graphics},
  volume    = {13},
  number    = {5},
  pages     = {991--1003},
  year      = {2007},
  timestamp = {Thu, 08 Nov 2007 10:41:09 +0100},
  biburl    = {http://dblp.uni-trier.de/rec/bib/journals/tvcg/SisnerosJHGPS07},
  bibsource = {dblp computer science bibliography, http://dblp.org}
}

@inproceedings{RhodesTBS05,
  author    = {Philip J. Rhodes and
               Xuan Tang and
               R. Daniel Bergeron and
               Ted M. Sparr},
  title     = {Iteration Aware Prefetching for Large Multidimensional Datasets},
  booktitle = {SSDBM’2005: proceedings of the 17th International Conference on Scientific and Statistical Database
               Management},
  pages     = {45--54},
  year      = {2005},
  timestamp = {Tue, 18 Sep 2012 21:15:22 +0200},
  bibsource = {dblp computer science bibliography, http://dblp.org}
}

@inproceedings{GerndtHWKB04,
  author    = {Andreas Gerndt and
               Bernd Hentschel and
               Marc Wolter and
               Torsten Kuhlen and
               Christian H. Bischof},
  title     = {{VIRACOCHA}: {An} Efficient Parallelization Framework for Large-Scale
               {CFD} Post-Processing in Virtual Environments},
  booktitle = {SC04: Proceedings of the ACM/IEEE Conference on Supercomputing},
  pages     = {50:1--12},
  year      = {2004},
  bibsource = {dblp computer science bibliography, http://dblp.org}
}

@article{Ma09,
  author    = {Kwan{-}Liu Ma},
  title     = {In Situ Visualization at Extreme Scale: Challenges and Opportunities},
  journal   = {{IEEE} Computer Graphics and Applications},
  volume    = {29},
  number    = {6},
  pages     = {14--19},
  year      = {2009},
  timestamp = {Thu, 21 Jan 2016 18:24:54 +0100},
  biburl    = {http://dblp.uni-trier.de/rec/bib/journals/cga/Ma09},
  bibsource = {dblp computer science bibliography, http://dblp.org}
}

@inproceedings{BennettABGGJKKPPPTYZC12,
  author    = {Janine Bennett and
               Hasan Abbasi and
               Peer{-}Timo Bremer and
               Ray W. Grout and
               Attila Gyulassy and
               Tong Jin and
               Scott Klasky and
               Hemanth Kolla and
               Manish Parashar and
               Valerio Pascucci and
               Philippe P. P{\'{e}}bay and
               David C. Thompson and
               Hongfeng Yu and
               Fan Zhang and
               Jacqueline Chen},
  title     = {Combining In-situ and In-transit Processing to Enable Extreme-Scale
               Scientific Analysis},
  booktitle = {SC12: Proceedings of the ACM/IEEE Conference on Supercomputing},
  pages     = {49},
  year      = {2012},
  timestamp = {Wed, 01 Jul 2015 15:29:19 +0200},
  bibsource = {dblp computer science bibliography, http://dblp.org}
}

@InProceedings{LiuGZY16,
  Title                    = {Comparative Visualization of Vector Field Ensembles Based on Longest Common Subsequence},
  Author                   = {Richen Liu and Hanqi Guo and Jiang Zhang and Xiaoru Yuan},
  Booktitle                = {Proceedings of IEEE Pacific Visualization Symposium 2016},
  Year                     = {2016},
  Pages                    = {96-103}
}

@inproceedings{BrandesP06,
  author    = {Ulrik Brandes and
               Christian Pich},
  title     = {Eigensolver Methods for Progressive Multidimensional Scaling of Large
               Data},
  booktitle = {Graph Drawing, 14th International Symposium, {GD} 2006, Karlsruhe,
               Germany},
  pages     = {42--53},
  year      = {2006},
  timestamp = {Wed, 10 Dec 2014 15:25:30 +0100},
  bibsource = {dblp computer science bibliography, http://dblp.org}
}

@ARTICLE{YoonLPM05,
  author = {Sung-Eui Yoon and Peter Lindstrom and Valerio Pascucci and Dinesh
        Manocha},
  title = {Cache-Oblivious Mesh Layouts},
  journal = {ACM Transactions on Graphics},
  year = {2005},
  volume = {24},
  pages = {886--893},
  number = {3},
  bibsource = {DBLP, http://dblp.uni-trier.de}
}

@ARTICLE{McLoughlinLPPC2010,
  author = {McLoughlin, T. and Laramee, R. and Peikert, R. and Post, F. and Chen,
        M.},
  title = {Over Two Decades of Integration-Based, Geometric Flow Visualization},
  journal = {Computer Graphics Forum},
  year = {2010},
  volume = {29},
  pages = {1807--1829},
  number = {6}
}

@article{raftery1985model,
  title={A Model for High-Order Markov Chains},
  author={Raftery, Adrian E},
  journal={Journal of the Royal Statistical Society. Series B (Methodological)},
  pages={528--539},
  year={1985},
  publisher={JSTOR}
}

@ARTICLE{PostVHLD2003,
  author = {Frits Post and Benjamin Vrolijk and Helwig Hauser and Robert Laramee
        and Helmut Doleisch},
  title = {The State of the Art in Flow Visualisation: Feature Extraction and
        Tracking},
  journal = {Computer Graphics Forum},
  year = {2003},
  volume = {22},
  pages = {1--17},
  number = {4}
}

@inproceedings{MorozovP16,
  author    = {Dmitriy Morozov and
               Tom Peterka},
  title     = {Efficient delaunay tessellation through {K-D} tree decomposition},
  booktitle = {SC'16: Proceedings of the International Conference for High Performance Computing,
               Networking, Storage and Analysis},
  pages     = {728--738},
  year      = {2016}
}

@article{DevineBHHV02,
  author    = {Karen D. Devine and
               Erik G. Boman and
               Robert T. Heaphy and
               Bruce Hendrickson and
               Courtenay T. Vaughan},
  title     = {Zoltan Data Management Services for Parallel Dynamic Applications},
  journal   = {Computing in Science and Engineering},
  volume    = {4},
  number    = {2},
  pages     = {90--96},
  year      = {2002},
  timestamp = {Mon, 11 Jan 2016 15:23:41 +0100},
  biburl    = {http://dblp.uni-trier.de/rec/bib/journals/cse/DevineBHHV02},
  bibsource = {dblp computer science bibliography, http://dblp.org}
}

@article{BergerB87,
  author    = {Marsha J. Berger and
               Shahid H. Bokhari},
  title     = {A Partitioning Strategy for Nonuniform Problems on Multiprocessors},
  journal   = {{IEEE} Trans. Computers},
  volume    = {36},
  number    = {5},
  pages     = {570--580},
  year      = {1987},
  timestamp = {Tue, 22 Dec 2015 15:17:15 +0100},
  biburl    = {http://dblp.uni-trier.de/rec/bib/journals/tc/BergerB87},
  bibsource = {dblp computer science bibliography, http://dblp.org}
}

@article{Simon91,
  author    = {Horst D. Simon},
  title     = {Partitioning of Unstructured Problems for Parallel Processing},
  journal   = {Computing Systems in Engineering},
  volume    = {2},
  number    = {2-3},
  pages     = {135--148},
  year      = {1991}
}

@article{PilkingtonB94,
 author = {J. R. Pilkington and S. B. Baden},
 title = {Partitioning with Space-Filling Curves},
 journal = {CSE Technical Report Number CS94-349},
 year = {1994}
} 

@inproceedings{GeorgeV96,
 author = {Karypis, George and Kumar, Vipin},
 title = {Parallel Multilevel K-way Partitioning Scheme for Irregular Graphs},
 booktitle = {SC96: Proceedings of the ACM/IEEE Conference on Supercomputing},
 year = {1996},
 isbn = {0-89791-854-1},
 pages = {35},
 acmid = {369103},
 publisher = {IEEE Computer Society},
 address = {Washington, DC, USA}
} 

@inproceedings{CatalyurekBDBHR07,
  author    = {{\"{U}}mit V. {\c{C}}ataly{\"{u}}rek and
               Erik G. Boman and
               Karen D. Devine and
               Doruk Bozdag and
               Robert T. Heaphy and
               Lee Ann Riesen},
  title     = {Hypergraph-based Dynamic Load Balancing for Adaptive Scientific Computations},
  booktitle = {IPDPS07: Proceedings of IEEE International Symposium on Parallel and Distributed Processing},
  pages     = {1--11},
  year      = {2007},
  timestamp = {Sun, 03 Aug 2014 17:23:09 +0200},
  bibsource = {dblp computer science bibliography, http://dblp.org}
}

@article{Bentley75,
  author    = {Jon Louis Bentley},
  title     = {Multidimensional Binary Search Trees Used for Associative Searching},
  journal   = {Communications of the ACM},
  volume    = {18},
  number    = {9},
  pages     = {509--517},
  year      = {1975},
  timestamp = {Tue, 07 Jun 2011 16:51:01 +0200},
  biburl    = {http://dblp.uni-trier.de/rec/bib/journals/cacm/Bentley75},
  bibsource = {dblp computer science bibliography, http://dblp.org}
}

@article{CarrierGR88,
  author = {J. Carrier and L. Greengard and V. Rokhlin},
  journal = {{SIAM} Journal on Scientific and Statistical Computing},
  pages = {669--686},
  title = {A Fast Adaptive Multipole Algorithm for Particle Simulations},
  volume = {9},
  number = {4},
  year = {1988}
}

@inproceedings{FattaP10,
  author    = {Giuseppe Di Fatta and
               David Pettinger},
  title     = {Dynamic Load Balancing in Parallel KD-Tree k-Means},
  booktitle = {Proceedings of the 10th {IEEE} International Conference on Computer and Information Technology},
  pages     = {2478--2485},
  year      = {2010},
  crossref  = {DBLP:conf/IEEEcit/2010},
  timestamp = {Tue, 31 May 2016 16:44:16 +0200},
  biburl    = {http://dblp.uni-trier.de/rec/bib/conf/IEEEcit/FattaP10},
  bibsource = {dblp computer science bibliography, http://dblp.org}
}

@inproceedings{MoloneyWMS07,
  author    = {Brendan Moloney and
               Daniel Weiskopf and
               Torsten M{\"{o}}ller and
               Magnus Strengert},
  title     = {Scalable Sort-First Parallel Direct Volume Rendering with Dynamic
               Load Balancing},
  booktitle = {EGPGV07: Proceedings of Eurographics Symposium on Parallel Graphics and Visualization},
  pages     = {45--52},
  year      = {2007},
  crossref  = {DBLP:conf/egpgv/2007},
  timestamp = {Mon, 30 Nov 2015 16:41:24 +0100},
  biburl    = {http://dblp.uni-trier.de/rec/bib/conf/egpgv/MoloneyWMS07},
  bibsource = {dblp computer science bibliography, http://dblp.org}
}

@InProceedings{MorozovPLDAV16,
  Title                    = {Block-Parallel Data Analysis with {DIY2}},
  Author                   = {Dmitriy Morozov and Tom Peterka},
  Booktitle                = {Proceedings IEEE Symposium on Large Data Analysis and Visualization 2016},
  Year                     = {2016},
  Pages                    = {29--36}
}

@inproceedings{Blumofe94,
  author    = {Robert D. Blumofe},
  title     = {Scheduling Multithreaded Computations by Work Stealing},
  booktitle = {35th Annual Symposium on Foundations of Computer Science, Santa Fe,
               New Mexico, USA},
  pages     = {356--368},
  year      = {1994},
  crossref  = {DBLP:conf/focs/FOCS35},
  timestamp = {Tue, 16 Dec 2014 09:57:24 +0100},
  biburl    = {http://dblp.uni-trier.de/rec/bib/conf/focs/Blumofe94},
  bibsource = {dblp computer science bibliography, http://dblp.org}
}

@article{ChenSH16,
  author    = {Mingcheng Chen and
               Shawn C. Shadden and
               John C. Hart},
  title     = {Fast Coherent Particle Advection through Time-Varying Unstructured
               Flow Datasets},
  journal   = {{IEEE} Trans. Vis. Comput. Graph.},
  volume    = {22},
  number    = {8},
  pages     = {1959--1972},
  year      = {2016},
  timestamp = {Sun, 28 May 2017 13:18:28 +0200},
  biburl    = {http://dblp.uni-trier.de/rec/bib/journals/tvcg/ChenSH16},
  bibsource = {dblp computer science bibliography, http://dblp.org}
}

@article{Barnes86a,
  author = {Barnes Josh and Hut Piet},
  biburl = {https://www.bibsonomy.org/bibtex/2ec14017b8d38d80097373b9b7157302f/michael-t-weber},
  interhash = {9c878ebe9ee8ef7e5e70d94204eb7de1},
  intrahash = {ec14017b8d38d80097373b9b7157302f},
  journal = {Nature},
  keywords = {da graphviz paper visualization},
  pages = {446-449},
  timestamp = {2014-04-03T20:59:06.000+0200},
  title = {A hierarchical {O(N log N)} force calculation algorithm},
  volume = {324},
  number = {6096},
  year = {1986}
}

@inproceedings{SecklerTBN16,
  author    = {Steffen Seckler and
               Nikola Tchipev and
               Hans{-}Joachim Bungartz and
               Philipp Neumann},
  title     = {Load Balancing for Molecular Dynamics Simulations on Heterogeneous
               Architectures},
  booktitle = {SC'16: Proceedings of the International Conference for High Performance Computing,
               Networking, Storage and Analysis},
  pages     = {101--110},
  year      = {2016},
  crossref  = {DBLP:conf/hipc/2016},
  timestamp = {Wed, 08 Feb 2017 10:51:02 +0100},
  biburl    = {http://dblp.uni-trier.de/rec/bib/conf/hipc/SecklerTBN16},
  bibsource = {dblp computer science bibliography, http://dblp.org}
}

@inproceedings{PatwaryBSSLRAYP15,
  author    = {Md. Mostofa Ali Patwary and
               Surendra Byna and
               Nadathur Rajagopalan Satish and
               Narayanan Sundaram and
               Zarija Lukic and
               Vadim Roytershteyn and
               Michael J. Anderson and
               Yushu Yao and
               Prabhat and
               Pradeep Dubey},
  title     = {{BD-CATS:} Big Data Clustering at Trillion Particle Scale},
  booktitle = {SC'15: Proceedings of the International Conference for High Performance Computing,
               Networking, Storage and Analysis},
  pages     = {6:1--6:12},
  year      = {2015},
  crossref  = {DBLP:conf/sc/2015},
  timestamp = {Tue, 03 Nov 2015 13:08:57 +0100},
  biburl    = {http://dblp2.uni-trier.de/rec/bib/conf/sc/PatwaryBSSLRAYP15},
  bibsource = {dblp computer science bibliography, http://dblp.org}
}

@article{Francez80,
  author    = {Nissim Francez},
  title     = {Distributed Termination},
  journal   = {{ACM} Trans. Program. Lang. Syst.},
  volume    = {2},
  number    = {1},
  pages     = {42--55},
  year      = {1980},
  timestamp = {Mon, 03 Apr 2006 11:19:30 +0200},
  biburl    = {http://dblp.org/rec/bib/journals/toplas/Francez80},
  bibsource = {dblp computer science bibliography, http://dblp.org}
}

@article{SigovanMM13,
  author    = {Carmen Sigovan and
               Chris Muelder and
               Kwan{-}Liu Ma},
  title     = {Visualizing Large-scale Parallel Communication Traces Using a Particle
               Animation Technique},
  journal   = {Comput. Graph. Forum},
  volume    = {32},
  number    = {3},
  pages     = {141--150},
  year      = {2013},
  timestamp = {Fri, 26 May 2017 22:53:56 +0200},
  bibsource = {dblp computer science bibliography, http://dblp.org}
}

@article{FujiwaraMRVPM17,
  author    = {Takanori Fujiwara and
               Preeti Malakar and Khairi Reda
               and Venkatram Vishwanath and
               Michael E. Papka and
               Kwan{-}Liu Ma},
  title     = {A Visual Analytics System for Optimizing Communications in Massively Parallel Applications},
  journal   = {Proceedings of IEEE Conference on Visual Analytics Science and Technology 2017},
  pages     = {1--12},
  year      = {2017}
}

@article{PrinceD81,
  author    = {P.J.Prince and J.R.Dormand},
  title     = {High order embedded Runge-Kutta formulae},
  journal   = {Journal of Computational and Applied Mathematics},
  volume    = {7},
  issue     = {1},
  pages     = {67-75},
  year      = {1981}
}

@inproceedings{DrebinCH88,
  author    = {Robert A. Drebin and
               Loren C. Carpenter and
               Pat Hanrahan},
  title     = {Volume rendering},
  booktitle = {Proceedings of the 15th Annual Conference on Computer Graphics and
               Interactive Techniques, {SIGGRAPH} 1988, Atlanta, Georgia, USA},
  pages     = {65--74},
  year      = {1988},
  crossref  = {DBLP:conf/siggraph/1988},
  timestamp = {Thu, 19 Nov 2015 15:32:44 +0100},
  biburl    = {http://dblp.org/rec/bib/conf/siggraph/DrebinCH88},
  bibsource = {dblp computer science bibliography, http://dblp.org}
}

@inproceedings{LorensenC87,
  author    = {William E. Lorensen and
               Harvey E. Cline},
  title     = {Marching Cubes: {A} High Resolution 3D Surface Construction Algorithm},
  booktitle = {Proceedings of the 14th Annual Conference on Computer Graphics and
               Interactive Techniques, {SIGGRAPH} 1987, Anaheim, California, USA},
  pages     = {163--169},
  year      = {1987},
  crossref  = {DBLP:conf/siggraph/1987},
  timestamp = {Thu, 19 Nov 2015 15:32:44 +0100},
  biburl    = {http://dblp.org/rec/bib/conf/siggraph/LorensenC87},
  bibsource = {dblp computer science bibliography, http://dblp.org}
}

@article{BethelRSGCBA11,
  author    = {E. Wes Bethel and
               John Van Rosendale and
               Dale Southard and
               Kelly P. Gaither and
               Hank Childs and
               Eric Brugger and
               Sean Ahern},
  title     = {Visualization at Supercomputing Centers: The Tale of Little Big Iron
               and the Three Skinny Guys},
  journal   = {{IEEE} Computer Graphics and Applications},
  volume    = {31},
  number    = {1},
  pages     = {90--95},
  year      = {2011},
  timestamp = {Sat, 20 May 2017 00:25:49 +0200},
  biburl    = {http://dblp.org/rec/bib/journals/cga/BethelRSGCBA11},
  bibsource = {dblp computer science bibliography, http://dblp.org}
}

@inproceedings{Lane96,
  author    = {David A. Lane},
  title     = {{UFAT} - {A} Particle Tracer for Time-Dependent Flow Fields},
  booktitle = {Proceedings {IEEE} Visualization '94, Washington, DC, USA},
  pages     = {257--264},
  year      = {1994},
  crossref  = {DBLP:conf/visualization/1994},
  timestamp = {Wed, 24 May 2017 08:29:20 +0200},
  biburl    = {http://dblp.org/rec/bib/conf/visualization/Lane94},
  bibsource = {dblp computer science bibliography, http://dblp.org}
}

@article{WiebelTSJS07,
  author    = {Alexander Wiebel and
               Xavier Tricoche and
               Dominic Schneider and
               Heike J{\"{a}}nicke and
               Gerik Scheuermann},
  title     = {Generalized Streak Lines: Analysis and Visualization of Boundary Induced
               Vortices},
  journal   = {{IEEE} Trans. Vis. Comput. Graph.},
  volume    = {13},
  number    = {6},
  pages     = {1735--1742},
  year      = {2007},
  timestamp = {Sun, 28 May 2017 13:18:27 +0200},
  biburl    = {http://dblp.org/rec/bib/journals/tvcg/WiebelTSJS07},
  bibsource = {dblp computer science bibliography, http://dblp.org}
}

@article{WangTWSK13,
  author    = {Man Wang and Jun Tao and Chaoli Wang and Ching-Kuang Shene and Seung Hyun Kim},
  title     = {Design and Evaluation of a Visualization Tool for Teaching 2D Flow Field Concepts},
  journal   = {Proceedings of American Society for Engineering Education Annual Conference},
  pages     = {23.609.1-23.609-20},
  year      = {2013}
}

@article{KrishnanGJ09,
  author    = {Harinarayan Krishnan and
               Christoph Garth and
               Kenneth I. Joy},
  title     = {Time and Streak Surfaces for Flow Visualization in Large Time-Varying
               Data Sets},
  journal   = {{IEEE} Trans. Vis. Comput. Graph.},
  volume    = {15},
  number    = {6},
  pages     = {1267--1274},
  year      = {2009},
  timestamp = {Wed, 14 Jun 2017 20:30:58 +0200},
  biburl    = {http://dblp.org/rec/bib/journals/tvcg/KrishnanGJ09},
  bibsource = {dblp computer science bibliography, http://dblp.org}
}

@inproceedings{Hultquist92,
  author    = {Jeff P. Hultquist},
  title     = {Constructing Stream Surfaces in Steady 3-D Vector Fields},
  booktitle = {Proceedings {IEEE} Visualization '92, Boston, Massachusetts, USA},
  pages     = {171--178},
  year      = {1992},
  crossref  = {DBLP:conf/visualization/1992},
  timestamp = {Wed, 24 May 2017 08:29:20 +0200},
  biburl    = {http://dblp.org/rec/bib/conf/visualization/Hultquist92},
  bibsource = {dblp computer science bibliography, http://dblp.org}
}

@article{JobardEH02,
  author    = {Bruno Jobard and
               Gordon Erlebacher and
               M. Yousuff Hussaini},
  title     = {Lagrangian-Eulerian Advection of Noise and Dye Textures for Unsteady
               Flow Visualization},
  journal   = {{IEEE} Trans. Vis. Comput. Graph.},
  volume    = {8},
  number    = {3},
  pages     = {211--222},
  year      = {2002},
  timestamp = {Sun, 28 May 2017 13:18:28 +0200},
  biburl    = {http://dblp.org/rec/bib/journals/tvcg/JobardEH02},
  bibsource = {dblp computer science bibliography, http://dblp.org}
}

@inproceedings{BogomjakovG01,
  author    = {Alexander Bogomjakov and
               Craig Gotsman},
  title     = {Universal Rendering Sequences for Transparent Vertex Caching of Progressive
               Meshes},
  booktitle = {Proceedings of the Graphics Interface 2001 Conference, Ottawa, Ontario,
               Canada},
  pages     = {81--90},
  year      = {2001},
  timestamp = {Thu, 02 Feb 2017 15:49:00 +0100},
  biburl    = {http://dblp.org/rec/bib/conf/graphicsinterface/BogomjakovG01},
  bibsource = {dblp computer science bibliography, http://dblp.org}
}

@inproceedings{KarniBG02,
  author    = {Zachi Karni and
               Alexander Bogomjakov and
               Craig Gotsman},
  title     = {Efficient Compression and Rendering of Multi-Resolution Meshes},
  booktitle = {{IEEE} Visualization 2002, Boston, MA,
               {USA.}},
  pages     = {347--354},
  year      = {2002},
  crossref  = {DBLP:conf/visualization/2002},
  timestamp = {Wed, 24 May 2017 08:29:20 +0200},
  biburl    = {http://dblp.org/rec/bib/conf/visualization/KarniBG02},
  bibsource = {dblp computer science bibliography, http://dblp.org}
}

@ARTICLE{YoonL06,
    author = {Sung-eui Yoon and Peter Lindstrom},
    title = {Mesh Layouts for Block-Based Caches},
    journal = {IEEE Transactions on Visualization and Computer Graphics},
    year = {2006},
    volume = {12},
    number = {5},
    pages = {1213-1220}
}

@article{TchiboukdjianDR10,
  author    = {Marc Tchiboukdjian and
               Vincent Danjean and
               Bruno Raffin},
  title     = {Binary Mesh Partitioning for Cache-Efficient Visualization},
  journal   = {{IEEE} Trans. Vis. Comput. Graph.},
  volume    = {16},
  number    = {5},
  pages     = {815--828},
  year      = {2010},
  timestamp = {Sun, 28 May 2017 13:18:29 +0200},
  biburl    = {http://dblp.org/rec/bib/journals/tvcg/TchiboukdjianDR10},
  bibsource = {dblp computer science bibliography, http://dblp.org}
}

@inproceedings{PascucciF01,
  author    = {Valerio Pascucci and
               Randall J. Frank},
  title     = {Global Static Indexing for Real-Time Exploration of Very Large Regular
               Grids},
  booktitle = {Proceedings of the 2001 {ACM/IEEE} conference on Supercomputing, Denver,
               CO, USA},
  pages     = {2},
  year      = {2001},
  crossref  = {DBLP:conf/sc/2001},
  timestamp = {Tue, 30 Jun 2015 16:34:01 +0200},
  biburl    = {http://dblp.org/rec/bib/conf/sc/PascucciF01},
  bibsource = {dblp computer science bibliography, http://dblp.org}
}

@article{NiedermeierS96,
  author    = {Rolf Niedermeier and Peter Sanders},
  title     = {On the Manhattan-Distance Between Points on Space-Filling Mesh-Indexings},
  journal = {Univ., Fak. f{\"{u}}r Informatik},
  year      = {1996}
}

@article{GuoHSSCLP19,
  author    = {Hanqi Guo and Wenbin He and Sangmin Seo and Han-Wei Shen and Emil Mihai Constantinescu and Chunhui Liu and Tom Peterka},
  title     = {Extreme-Scale Stochastic Particle Tracing for Uncertain Unsteady Flow Analysis},
  journal   = {IEEE Transactions on Visualization and Computer Graphics},
  volume    = {},
  number    = {},
  pages     = {},
  year={2019}
}

@InProceedings{HongZY18,
  Title                    = {Access Pattern Learning with Long Short-Term Memory for Parallel Particle Tracing},
  Author                   = {Fan Hong and Jiang Zhang and Xiaoru Yuan},
  Booktitle                = {Proceedings of IEEE Pacific Visualization Symposium 2018},
  Year                     = {2018},
  Pages                    = {76-85}
}

@article{ZhangGHYP18,
  author    = {Jiang Zhang and
               Hanqi Guo and
               Fan Hong and
               Xiaoru Yuan and
               Tom Peterka},
  title     = {Dynamic Load Balancing Based on Constrained {K-D} Tree Decomposition
               for Parallel Particle Tracing},
  journal   = {{IEEE} Trans. Vis. Comput. Graph.},
  volume    = {24},
  number    = {1},
  pages     = {954--963},
  year      = {2018},
  timestamp = {Wed, 10 Jan 2018 15:12:39 +0100},
  biburl    = {http://dblp.org/rec/bib/journals/tvcg/ZhangGHYP18},
  bibsource = {dblp computer science bibliography, http://dblp.org}
}


@InProceedings{ZhangGY16,
  Title                    = {Efficient Unsteady Flow Visualization with High-Order Access Dependencies},
  Author                   = {Jiang Zhang and Hanqi Guo and Xiaoru Yuan},
  Booktitle                = {Proceedings of IEEE Pacific Visualization Symposium 2016},
  Year                     = {2016},
  Pages                    = {80-87}
}


@InProceedings{ZhangGYP18,
  Title                    = {Dynamic Data Repartitioning for Load-Balanced Parallel Particle Tracing},
  Author                   = {Jiang Zhang and
               Hanqi Guo and
               Xiaoru Yuan and
               Tom Peterka},
  Booktitle                = {Proceedings of {IEEE} Pacific Visualization Symposium 2018},
  Year                     = {2018},
  Pages                    = {86-95},
  Bibsource                = {dblp computer science bibliography, http://dblp.org}
}


@InProceedings{TurkB96,
  Title                    = {Image-Guided Streamline Placement},
  Author                   = {Greg Turk and David Banks},
  Booktitle                = {Proceedings of SIGGRAPH 1996},
  Year                     = {1996},
  Pages                    = {453–460}
}

@inproceedings{SadloPP04,
  author    = {Filip Sadlo and
               Ronald Peikert and
               Etienne Parkinson},
  title     = {Vorticity Based Flow Analysis and Visualization for Pelton Turbine
               Design Optimization},
  booktitle = {15th {IEEE} Visualization 2004 Conference, {VIS} 2004, Austin, TX,
               USA},
  pages     = {179--186},
  year      = {2004}
}

@InProceedings{JobardL97,
  Title                    = {Creating Evenly-Spaced Streamlines of Arbitrary
Density},
  Author                   = {Bruno Jobard and Wilfrid Lefer},
  Booktitle                = {Proceedings of Eurographics Workshop on Visualization in Scientific Computing 1997},
  Year                     = {1997},
  Pages                    = {45–55}
}

@article{JobardL00,
  author    = {Bruno Jobard and
               Wilfrid Lefer},
  title     = {Unsteady Flow Visualization by Animating Evenly-Spaced Streamlines},
  journal   = {Comput. Graph. Forum},
  volume    = {19},
  number    = {3},
  pages     = {31--39},
  year      = {2000}
}

@article{LiuMG06,
  author    = {Zhanping Liu and
               Robert J. Moorhead and
               Joe Groner},
  title     = {An Advanced Evenly-Spaced Streamline Placement Algorithm},
  journal   = {{IEEE} Trans. Vis. Comput. Graph.},
  volume    = {12},
  number    = {5},
  pages     = {965--972},
  year      = {2006}
}

@inproceedings{MebarkiAD05,
  author    = {Abdelkrim Mebarki and
               Pierre Alliez and
               Olivier Devillers},
  title     = {Farthest Point Seeding for Efficient Placement of Streamlines},
  booktitle = {16th {IEEE} Visualization Conference, {VIS} 2005, Minneapolis, MN,
               USA},
  pages     = {479--486},
  year      = {2005}
}

@article{ChenCK07,
  author    = {Yuan Chen and
               Jonathan D. Cohen and
               Julian Krolik},
  title     = {Similarity-Guided Streamline Placement with Error Evaluation},
  journal   = {{IEEE} Trans. Vis. Comput. Graph.},
  volume    = {13},
  number    = {6},
  pages     = {1448--1455},
  year      = {2007}
}

@inproceedings{RosanwoPPHH09,
  author    = {Olufemi Rosanwo and
               Christoph Petz and
               Steffen Prohaska and
               Hans{-}Christian Hege and
               Ingrid Hotz},
  title     = {Dual Streamline Seeding},
  booktitle = {Proceedings of IEEE Pacific Visualization Symposium 2009},
  pages     = {9--16},
  year      = {2009}
}

@inproceedings{VermaKP00,
  author    = {Vivek Verma and
               David T. Kao and
               Alex Pang},
  title     = {A Flow-guided Streamline Seeding Strategy},
  booktitle = {Proceedings of {IEEE} Visualization 2000, Hilton Hotel, Salt
               Lake City, Utah, USA},
  pages     = {163--170},
  year      = {2000}
}


@inproceedings{YeKP05,
  author    = {Xiaohong Ye and
               David Kao and
               Alex Pang},
  title     = {Strategy for Seeding 3D Streamlines},
  booktitle = {16th {IEEE} Visualization Conference, {VIS} 2005, Minneapolis, MN,
               USA},
  pages     = {471--478},
  year      = {2005}
}

@article{XuLS10,
  author    = {Lijie Xu and
               Teng{-}Yok Lee and
               Han{-}Wei Shen},
  title     = {An Information-Theoretic Framework for Flow Visualization},
  journal   = {{IEEE} Trans. Vis. Comput. Graph.},
  volume    = {16},
  number    = {6},
  pages     = {1216--1224},
  year      = {2010}
}

@inproceedings{LiHS08,
  author    = {Liya Li and
               Hsien{-}Hsi Hsieh and
               Han{-}Wei Shen},
  title     = {Illustrative Streamline Placement and Visualization},
  booktitle = {Proceedings of IEEE Pacific Visualization Symposium 2008},
  pages     = {79--86},
  year      = {2008}
}

@article{TaoWSK14,
  author    = {Jun Tao and
               Chaoli Wang and
               Ching{-}Kuang Shene and
               Seung Hyun Kim},
  title     = {A Deformation Framework for Focus+Context Flow Visualization},
  journal   = {{IEEE} Trans. Vis. Comput. Graph.},
  volume    = {20},
  number    = {1},
  pages     = {42--55},
  year      = {2014}
}

@inproceedings{TongCSW15,
  author    = {Xin Tong and
               Chun{-}Ming Chen and
               Han{-}Wei Shen and
               Pak Chung Wong},
  title     = {Interactive Streamline Exploration and Manipulation Using Deformation},
  booktitle = {Proceedings of IEEE Pacific Visualization Symposium 2015},
  pages     = {1--8},
  year      = {2015}
}

@article{TongECSJW16,
  author    = {Xin Tong and
               John Edwards and
               Chun{-}Ming Chen and
               Han{-}Wei Shen and
               Chris R. Johnson and
               Pak Chung Wong},
  title     = {View-Dependent Streamline Deformation and Exploration},
  journal   = {{IEEE} Trans. Vis. Comput. Graph.},
  volume    = {22},
  number    = {7},
  pages     = {1788--1801},
  year      = {2016}
}

@article{TongLS17,
  author    = {Xin Tong and
               Cheng Li and
               Han{-}Wei Shen},
  title     = {GlyphLens: View-Dependent Occlusion Management in the Interactive
               Glyph Visualization},
  journal   = {{IEEE} Trans. Vis. Comput. Graph.},
  volume    = {23},
  number    = {1},
  pages     = {891--900},
  year      = {2017}
}

@inproceedings{LiTS17,
  author    = {Cheng Li and
               Xin Tong and
               Han{-}Wei Shen},
  title     = {Virtual Retractor: An Interactive Data Exploration System Using Physically
               Based Deformation},
  booktitle = {Proceedings of IEEE Pacific Visualization Symposium 2017},
  pages     = {51--60},
  year      = {2017}
}

@inproceedings{WeiWYM10,
  author    = {Jishang Wei and
               Chaoli Wang and
               Hongfeng Yu and
               Kwan{-}Liu Ma},
  title     = {A Sketch-Based Interface for Classifying and Visualizing Vector Fields},
  booktitle = {Proceedings of IEEE Pacific Visualization Symposium 2010},
  pages     = {129--136},
  year      = {2010}
}

@inproceedings{TaoWS14,
  author    = {Jun Tao and
               Chaoli Wang and
               Ching{-}Kuang Shene},
  title     = {FlowString: Partial Streamline Matching Using Shape Invariant Similarity
               Measure for Exploratory Flow Visualization},
  booktitle = {Proceedings of IEEE Pacific Visualization Symposium 2014},
  pages     = {9--16},
  year      = {2014}
}

@article{TaoWSS16,
  author    = {Jun Tao and
               Chaoli Wang and
               Ching{-}Kuang Shene and
               Raymond A. Shaw},
  title     = {A Vocabulary Approach to Partial Streamline Matching and Exploratory
               Flow Visualization},
  journal   = {{IEEE} Trans. Vis. Comput. Graph.},
  volume    = {22},
  number    = {5},
  pages     = {1503--1516},
  year      = {2016}
}

@article{SalzbrunnS06,
  author    = {Tobias Salzbrunn and
               Gerik Scheuermann},
  title     = {Streamline Predicates},
  journal   = {{IEEE} Trans. Vis. Comput. Graph.},
  volume    = {12},
  number    = {6},
  pages     = {1601--1612},
  year      = {2006}
}

@article{SalzbrunnGSM08,
  author    = {Tobias Salzbrunn and
               Christoph Garth and
               Gerik Scheuermann and
               Joerg Meyer},
  title     = {Pathline Predicates and Unsteady Flow Structures},
  journal   = {The Visual Computer},
  volume    = {24},
  number    = {12},
  pages     = {1039--1051},
  year      = {2008}
}

@article{YuWSC12,
  author    = {Hongfeng Yu and
               Chaoli Wang and
               Ching{-}Kuang Shene and
               Jacqueline H. Chen},
  title     = {Hierarchical Streamline Bundles},
  journal   = {{IEEE} Trans. Vis. Comput. Graph.},
  volume    = {18},
  number    = {8},
  pages     = {1353--1367},
  year      = {2012}
}

@article{HongLGSYL14,
  author    = {Fan Hong and
               Chufan Lai and
               Hanqi Guo and
               Enya Shen and
               Xiaoru Yuan and
               Sikun Li},
  title     = {{FLDA:} Latent Dirichlet Allocation Based Unsteady Flow Analysis},
  journal   = {{IEEE} Trans. Vis. Comput. Graph.},
  volume    = {20},
  number    = {12},
  pages     = {2545--2554},
  year      = {2014}
}

@inproceedings{XuS10,
  author    = {Lijie Xu and
               Han{-}Wei Shen},
  title     = {Flow Web: A Graph Based User Interface for 3D Flow Field Exploration},
  booktitle = {Visualization and Data Analysis, {VDA} 2010, San Jose, CA, USA},
  pages     = {75300},
  year      = {2010}
}

@inproceedings{MaWS13,
  author    = {Jun Ma and
               Chaoli Wang and
               Ching{-}Kuang Shene},
  title     = {FlowGraph: {A} Compound Hierarchical Graph for Flow Field Exploration},
  booktitle = {Proceedings of IEEE Pacific Visualization Symposium 2013},
  pages     = {233--240},
  year      = {2013}
}

@article{MaWSJ14,
  author    = {Jun Ma and
               Chaoli Wang and
               Ching{-}Kuang Shene and
               Jingfeng Jiang},
  title     = {A Graph-Based Interface for Visual Analytics of 3D Streamlines and
               Pathlines},
  journal   = {{IEEE} Trans. Vis. Comput. Graph.},
  volume    = {20},
  number    = {8},
  pages     = {1127--1140},
  year      = {2014}
}

@InProceedings{IsaacsGJGBSHB14,
  Title                    = {State of the Art of Performance Visualization},
  Author                   = {Isaacs, Katherine E. and Giménez, Alfredo and Jusufi, Ilir and Gamblin, Todd and Bhatele, Abhinav and Schulz, Martin and Hamann, Bernd and Bremer, Peer-Timo},
  Booktitle                = {EuroVis-STARs},
  Year                     = {2014},
  Pages                    = {1-20},
  ISBN                     = {978-3-03868-028-4}
}

@article{ZakiLGS99,
  author    = {Omer Zaki and
               Ewing L. Lusk and
               William Gropp and
               Deborah Swider},
  title     = {Toward Scalable Performance Visualization with Jumpshot},
  journal   = {{IJHPCA}},
  volume    = {13},
  number    = {3},
  pages     = {277--288},
  year      = {1999},
  timestamp = {Fri, 26 May 2017 22:51:37 +0200},
  biburl    = {http://dblp.org/rec/bib/journals/ijhpca/ZakiLGS99},
  bibsource = {dblp computer science bibliography, http://dblp.org}
}

@inproceedings{Heath94,
    author = {Michael T. Heath},
    title = {ParaGraph: A Tool for Visualizing Performance of Parallel Programs},
    booktitle = {Second Workshop on Environments and Tools for Parallel Scientific Computing},
    pages     = {221--230},
    year      = {1994}
}

@article{Hea91,
 author = {Michael T. Heath and Jennifer A. Etheridge},
 title = {Visualizing the Performance of Parallel Programs},
 journal = {IEEE Software},
 volume = {8},
 number = {5},
 year = {1991},
 issn = {0740-7459},
 pages = {29--39},
 numpages = {11}
} 

@ARTICLE{NagelAWHS96,
    author = {Wolfgang E. Nagel and Alfred Arnold and Michael Weber and Hans-Christian Hoppe and Karl Solchenbach},
    title = {VAMPIR: Visualization and Analysis of MPI Resources},
    journal = {Supercomputer},
    year = {1996},
    volume = {12},
    pages = {69--80}
}

@inproceedings{KnupferBDJLMMN08,
  author    = {Andreas Kn{\"{u}}pfer and
               Holger Brunst and
               Jens Doleschal and
               Matthias Jurenz and
               Matthias Lieber and
               Holger Mickler and
               Matthias S. M{\"{u}}ller and
               Wolfgang E. Nagel},
  title     = {The Vampir Performance Analysis Tool-Set},
  booktitle = {Tools for High Performance Computing - Proceedings of the 2nd International
               Workshop on Parallel Tools for High Performance Computing, HLRS, Stuttgart},
  pages     = {139--155},
  year      = {2008}
}

@article{ShendeM06,
  author    = {Sameer Shende and
               Allen D. Malony},
  title     = {The Tau Parallel Performance System},
  journal   = {{IJHPCA}},
  volume    = {20},
  number    = {2},
  pages     = {287--311},
  year      = {2006},
  timestamp = {Fri, 26 May 2017 22:51:37 +0200},
  biburl    = {http://dblp.org/rec/bib/journals/ijhpca/ShendeM06},
  bibsource = {dblp computer science bibliography, http://dblp.org}
}

@inproceedings{IsaacsLGBPH12,
  author    = {Katherine E. Isaacs and
               Aaditya G. Landge and
               Todd Gamblin and
               Peer{-}Timo Bremer and
               Valerio Pascucci and
               Bernd Hamann},
  title     = {Exploring Performance Data with Boxfish},
  booktitle = {2012 {SC} Companion: High Performance Computing, Networking Storage
               and Analysis, Salt Lake City, UT, USA},
  pages     = {1380--1381},
  year      = {2012},
  crossref  = {DBLP:conf/sc/2012c},
  timestamp = {Tue, 23 May 2017 01:07:27 +0200},
  biburl    = {http://dblp.org/rec/bib/conf/sc/IsaacsLGBPH12},
  bibsource = {dblp computer science bibliography, http://dblp.org}
}

@Article{LandgeLBIGSLBP12,
  Title                    = {Visualizing Network Traffic to Understand the Performance of Massively
 Parallel Simulations},
  Author                   = {Aaditya G. Landge and
 Joshua A. Levine and
 Abhinav Bhatele and
 Katherine E. Isaacs and
 Todd Gamblin and
 Martin Schulz and
 Steve H. Langer and
 Peer{-}Timo Bremer and
 Valerio Pascucci},
  Journal                  = {IEEE Transactions on Visualization and Computer Graphics},
  Year                     = {2012},
  Number                   = {12},
  Pages                    = {2467--2476},
  Volume                   = {18},

  Bibsource                = {dblp computer science bibliography, http://dblp.org},
  Timestamp                = {Sun, 28 May 2017 13:18:27 +0200}
}

@inproceedings{McCarthyIBBH14,
  author    = {Collin M. McCarthy and
               Katherine E. Isaacs and
               Abhinav Bhatele and
               Peer{-}Timo Bremer and
               Bernd Hamann},
  title     = {Visualizing the Five-dimensional Torus Network of the {IBM} Blue Gene/Q},
  booktitle = {Proceedings of the First Workshop on Visual Performance Analysis,
               {VPA} '14, New Orleans, Louisiana, USA},
  pages     = {24--27},
  year      = {2014},
  crossref  = {DBLP:conf/sc/2014vpa},
  timestamp = {Tue, 23 May 2017 01:07:27 +0200},
  biburl    = {http://dblp.org/rec/bib/conf/sc/McCarthyIBBH14},
  bibsource = {dblp computer science bibliography, http://dblp.org}
}

@inproceedings{TheisenSW14,
  author    = {Lucas Theisen and
               Aamer Shah and
               Felix Wolf},
  title     = {Down to Earth: How to Visualize Traffic on High-dimensional Torus
               Networks},
  booktitle = {Proceedings of the First Workshop on Visual Performance Analysis,
               {VPA} '14, New Orleans, Louisiana, USA},
  pages     = {17--23},
  year      = {2014},
  crossref  = {DBLP:conf/sc/2014vpa},
  timestamp = {Wed, 25 Oct 2017 12:49:18 +0200},
  biburl    = {http://dblp.org/rec/bib/conf/sc/TheisenSW14},
  bibsource = {dblp computer science bibliography, http://dblp.org}
}

@inproceedings{BhateleGIGSBH12,
  author    = {Abhinav Bhatele and
               Todd Gamblin and
               Katherine E. Isaacs and
               Brian T. N. Gunney and
               Martin Schulz and
               Peer{-}Timo Bremer and
               Bernd Hamann},
  title     = {Novel Views of Performance Data to Analyze Large-scale Adaptive Applications},
  booktitle = {{SC} Conference on High Performance Computing Networking, Storage
               and Analysis, {SC} '12, Salt Lake City, UT, {USA}},
  pages     = {31},
  year      = {2012},
  crossref  = {DBLP:conf/sc/2012},
  timestamp = {Tue, 23 May 2017 01:07:27 +0200},
  biburl    = {http://dblp.org/rec/bib/conf/sc/BhateleGIGSBH12},
  bibsource = {dblp computer science bibliography, http://dblp.org}
}

@inproceedings{ChengDJM14,
  author    = {Shenghui Cheng and
               Pradipta De and
               Shaofeng H.{-}C. Jiang and
               Klaus Mueller},
  title     = {TorusVis\({}^{\mbox{ND}}\): Unraveling High-Dimensional Torus Networks
               for Network Traffic Visualizations},
  booktitle = {Proceedings of the First Workshop on Visual Performance Analysis,
               {VPA} '14, New Orleans, Louisiana, USA},
  pages     = {9--16},
  year      = {2014},
  crossref  = {DBLP:conf/sc/2014vpa},
  timestamp = {Tue, 23 May 2017 01:07:27 +0200},
  biburl    = {http://dblp.org/rec/bib/conf/sc/ChengDJM14},
  bibsource = {dblp computer science bibliography, http://dblp.org}
}

@InProceedings{WuZYK14,
  Title                    = {CommGram: A New Visual Analytics Tool for Large Communication Trace
 Data},
  Author                   = {Jieting Wu and
 Jianping Zeng and
 Hongfeng Yu and
 Joseph P. Kenny},
  Booktitle                = {VPA'14: Proceedings of the First Workshop on Visual Performance Analysis},
  Year                     = {2014},
  Pages                    = {28--35},

  Bibsource                = {dblp computer science bibliography, http://dblp.org},
  File                     = {:Users/jiangzhang/papers/reading/visual.analysis/WuZYK14.pdf:PDF},
  Timestamp                = {Tue, 23 May 2017 01:07:26 +0200}
}

@article{BhatiaJBLDPB18,
  author    = {Harsh Bhatia and
               Nikhil Jain and
               Abhinav Bhatele and
               Yarden Livnat and
               Jens Domke and
               Valerio Pascucci and
               Peer{-}Timo Bremer},
  title     = {Interactive Investigation of Traffic Congestion on Fat-Tree Networks
               Using TreeScope},
  journal   = {Comput. Graph. Forum},
  volume    = {37},
  number    = {3},
  pages     = {561--572},
  year      = {2018}
}

@Article{MuelderGM09,
  Title                    = {Visual Analysis of Inter-Process Communication for Large-Scale Parallel
 Computing},
  Author                   = {Chris Muelder and
 Fran{\c{c}}ois Gygi and
 Kwan{-}Liu Ma},
  Journal                  = {IEEE Transactions on Visualization and Computer Graphics},
  Year                     = {2009},
  Number                   = {6},
  Pages                    = {1129--1136},
  Volume                   = {15},

  Bibsource                = {dblp computer science bibliography, http://dblp.org},
  File                     = {:Users/jiangzhang/papers/reading/visual.analysis/MuelderGM09.pdf:PDF},
  Timestamp                = {Sun, 28 May 2017 13:18:27 +0200}
}

@InProceedings{MuelderSMCLIBR11,
  Title                    = {Visual Analysis of I/O System Behavior for High-end Computing},
  Author                   = {Muelder, Christopher and Sigovan, Carmen and Ma, Kwan-Liu and Cope, Jason and Lang, Sam and Iskra, Kamil and Beckman, Pete and Ross, Robert},
  Booktitle                = {Proceedings of the Third International Workshop on Large-scale System and Application Performance (LSAP'11)},
  Year                     = {2011},
  Pages                    = {19--26}
}

@InProceedings{SigovanMMCIR13,
  Title                    = {A Visual Network Analysis Method for Large-Scale Parallel {I/O} Systems},
  Author                   = {Carmen Sigovan and
 Chris Muelder and
 Kwan{-}Liu Ma and
 Jason Cope and
 Kamil Iskra and
 Robert B. Ross},
  Booktitle                = {IPDPS'13: Proceedings of 27th IEEE International Parallel and Distributed Processing Symposium},
  Year                     = {2013},
  Pages                    = {308--319},

  Bibsource                = {dblp computer science bibliography, http://dblp.org},
  File                     = {:Users/jiangzhang/papers/reading/visual.analysis/SigovanMMCIR13.pdf:PDF},
  Timestamp                = {Wed, 24 May 2017 08:28:12 +0200}
}

@article{AdhiantoBFKMMT10,
  author    = {Laksono Adhianto and
               S. Banerjee and
               Michael W. Fagan and
               Mark Krentel and
               Gabriel Marin and
               John M. Mellor{-}Crummey and
               Nathan R. Tallent},
  title     = {{HPCTOOLKIT:} tools for performance analysis of optimized parallel
               programs},
  journal   = {Concurrency and Computation: Practice and Experience},
  volume    = {22},
  number    = {6},
  pages     = {685--701},
  year      = {2010}
}

@article{XieXM19,
  author    = {Cong Xie and 
               Wei Xu and 
               Klaus Mueller},
  title     = {A Visual Analytics Framework for the Detection of Anomalous Call Stack Trees in High Performance Computing Applications},
  journal   = {IEEE Transactions on Visualization and Computer Graphics},
  volume    = {25},
  number    = {1},
  pages     = {215--224},
  year      = {2019}
}

@inproceedings{GuoDGPC18,
  author    = {Hanqi Guo and
               Sheng Di and
               Rinku Gupta and
               Tom Peterka and
               Franck Cappello},
  title     = {La {VALSE:} Scalable Log Visualization for Fault Characterization
               in Supercomputers},
  booktitle = {{EGPGV} 2018: Eurographics Symposium on Parallel Graphics and Visualization,
               Brno, Czech Republic},
  pages     = {91--100},
  year      = {2018}
}

@article{IsaacsBJGBSH14,
  author    = {Katherine E. Isaacs and
               Peer{-}Timo Bremer and
               Ilir Jusufi and
               Todd Gamblin and
               Abhinav Bhatele and
               Martin Schulz and
               Bernd Hamann},
  title     = {Combing the Communication Hairball: Visualizing Parallel Execution
               Traces using Logical Time},
  journal   = {{IEEE} Trans. Vis. Comput. Graph.},
  volume    = {20},
  number    = {12},
  pages     = {2349--2358},
  year      = {2014}
}

@article{IsaacsGBSHB16,
  author    = {Katherine E. Isaacs and
               Todd Gamblin and
               Abhinav Bhatele and
               Martin Schulz and
               Bernd Hamann and
               Peer{-}Timo Bremer},
  title     = {Ordering Traces Logically to Identify Lateness in Message Passing
               Programs},
  journal   = {{IEEE} Trans. Parallel Distrib. Syst.},
  volume    = {27},
  number    = {3},
  pages     = {829--840},
  year      = {2016}
}

@inproceedings{LinTOB10,
  author    = {Shen Lin and
               Fran{\c{c}}ois Ta{\"{i}}ani and
               Thomas C. Ormerod and
               Linden J. Ball},
  title     = {Towards Anomaly Comprehension: Using Structural Compression to Navigate
               Profiling Call-Trees},
  booktitle = {Proceedings of the {ACM} 2010 Symposium on Software Visualization,
               Salt Lake City, UT, USA},
  pages     = {103--112},
  year      = {2010}
}

@inproceedings{NguyenWBGBSMB16,
  author    = {Huu Tan Nguyen and
               Lai Wei and
               Abhinav Bhatele and
               Todd Gamblin and
               David B{\"{o}}hme and
               Martin Schulz and
               Kwan{-}Liu Ma and
               Peer{-}Timo Bremer},
  title     = {{VIPACT:} {A} Visualization Interface for Analyzing Calling Context
               Trees},
  booktitle = {Third Workshop on Visual Performance Analysis, VPA@SC 2016, Salt Lake,
               UT, USA},
  pages     = {25--28},
  year      = {2016}
}

@inproceedings{KarranTD13,
  author    = {Benjamin Karran and
               Jonas Tr{\"{u}}mper and
               J{\"{u}}rgen D{\"{o}}llner},
  title     = {{SYNCTRACE:} Visual Thread-Interplay Analysis},
  booktitle = {2013 First {IEEE} Working Conference on Software Visualization (VISSOFT),
               Eindhoven, The Netherlands},
  pages     = {1--10},
  year      = {2013}
}

@article{XuMR017,
  author    = {Panpan Xu and
               Honghui Mei and
               Liu Ren and
               Wei Chen},
  title     = {ViDX: Visual Diagnostics of Assembly Line Performance in Smart Factories},
  journal   = {{IEEE} Trans. Vis. Comput. Graph.},
  volume    = {23},
  number    = {1},
  pages     = {291--300},
  year      = {2017}
}

@inproceedings{SpearMLBS11,
  author    = {Wyatt Spear and
               Allen D. Malony and
               Chee Wai Lee and
               Scott Biersdorff and
               Sameer Shende},
  title     = {An Approach to Creating Performance Visualizations in a Parallel Profile
               Analysis Tool},
  booktitle = {Euro-Par 2011: Parallel Processing Workshops - CCPI, CGWS, HeteroPar,
               HiBB, HPCVirt, HPPC, HPSS, MDGS, ProPer, Resilience, UCHPC, VHPC,
               Bordeaux, France, Revised Selected
               Papers, Part {II}},
  pages     = {156--165},
  year      = {2011}
}

@InProceedings{KarrelsL94,
  Title                    = {Performance Analysis of {MPI} Programs},
  Author                   = {Ed Karrels and Ewing Lusk},
  Booktitle                = {Proceedings of the Workshop on Environments and Tools For Parallel Scientific Computing},
  Year                     = {1994},
  Pages                    = {195--200}
}

@InProceedings{HerrarteL91,
  Title                    = {Studying Parallel Program Behavior with Upshot
},
  Author                   = {Virginia Herrarte and Ewing Lusk},
  Booktitle                = {Argonne National Laboratory Report ANL-91/15},
  Year                     = {1991}
}

@article{ShafferRWS99,
  author    = {Eric Shaffer and
               Daniel A. Reed and
               Shannon Whitmore and
               Benjamin Schaeffer},
  title     = {Virtue: Performance Visualization of Parallel and Distributed Applications},
  journal   = {{IEEE} Computer},
  volume    = {32},
  number    = {12},
  pages     = {44--51},
  year      = {1999}
}

@inproceedings{GaoZRMS11,
  author    = {Qin Gao and
               Xuhui Zhang and
               Pei{-}Luen Patrick Rau and
               Anthony A. Maciejewski and
               Howard Jay Siegel},
  title     = {Performance Visualization for Large-Scale Computing Systems: {A} Literature
               Review},
  booktitle = {Proceedings of Human-Computer Interaction. Design and Development Approaches - 14th
               International Conference, {HCI} International 2011, Orlando, FL, USA},
  pages     = {450--460},
  year      = {2011}
}

@article{GeimerWWABM10,
  author    = {Markus Geimer and
               Felix Wolf and
               Brian J. N. Wylie and
               Erika {\'{A}}brah{\'{a}}m and
               Daniel Becker and
               Bernd Mohr},
  title     = {The Scalasca performance toolset architecture},
  journal   = {Concurrency and Computation: Practice and Experience},
  volume    = {22},
  number    = {6},
  pages     = {702--719},
  year      = {2010}
}

@inproceedings{AlmasiHAMEMSZ05,
  author    = {George Alm{\'{a}}si and
               Philip Heidelberger and
               Charles Archer and
               Xavier Martorell and
               C. Christopher Erway and
               Jos{\'{e}} E. Moreira and
               Burkhard D. Steinmacher{-}Burow and
               Yili Zheng},
  title     = {Optimization of {MPI} Collective Communication on BlueGene/L Systems},
  booktitle = {Proceedings of the 19th Annual International Conference on Supercomputing,
               {ICS} 2005, Cambridge, Massachusetts, USA},
  pages     = {253--262},
  year      = {2005}
}

@inproceedings{BuiMVMJJPL15,
  author    = {Huy Bui and
               Preeti Malakar and
               Venkatram Vishwanath and
               Todd S. Munson and
               Eun{-}Sung Jung and
               Andrew E. Johnson and
               Michael E. Papka and
               Jason Leigh},
  title     = {Improving Communication Throughput by Multipath Load Balancing on
               Blue Gene/Q},
  booktitle = {22nd {IEEE} International Conference on High Performance Computing,
               HiPC 2015, Bengaluru, India},
  pages     = {115--124},
  year      = {2015}
}

@article{MalakarV17,
  author    = {Preeti Malakar and
               Venkatram Vishwanath},
  title     = {Data Movement Optimizations for Independent MPI I/O on the Blue Gene/Q},
  journal   = {Parallel Computing},
  volume    = {61},
  pages     = {35--51},
  year      = {2017}
}

@article{ThakurRG05,
  author    = {Rajeev Thakur and
               Rolf Rabenseifner and
               William Gropp},
  title     = {Optimization of Collective Communication Operations in {MPICH}},
  journal   = {{IJHPCA}},
  volume    = {19},
  number    = {1},
  pages     = {49--66},
  year      = {2005}
}

@inproceedings{SudheerS12,
  author    = {C. Devi Sudheer and
               Ashok Srinivasan},
  title     = {Optimization of the Hop-Byte Metric for Effective Topology Aware Mapping},
  booktitle = {19th International Conference on High Performance Computing, HiPC
               2012, Pune, India},
  pages     = {1--9},
  year      = {2012}
}

@inproceedings{BhateleGLBDHILLPSS12,
  author    = {Abhinav Bhatele and
               Todd Gamblin and
               Steve H. Langer and
               Peer{-}Timo Bremer and
               Erik W. Draeger and
               Bernd Hamann and
               Katherine E. Isaacs and
               Aaditya G. Landge and
               Joshua A. Levine and
               Valerio Pascucci and
               Martin Schulz and
               Charles H. Still},
  title     = {Mapping Applications with Collectives over Sub-communicators on Torus
               Networks},
  booktitle = {{SC} Conference on High Performance Computing Networking, Storage
               and Analysis, {SC} '12, Salt Lake City, UT, {USA}},
  pages     = {97},
  year      = {2012}
}

@Article{MuelderZCZM16,
  Title                    = {Visual Analysis of Cloud Computing Performance Using Behavioral Lines},
  Author                   = {Chris Muelder and
 Biao Zhu and
 Wei Chen and
 Hongxin Zhang and
 Kwan{-}Liu Ma},
  Journal                  = {{IEEE} Trans. Vis. Comput. Graph.},
  Year                     = {2016},
  Number                   = {6},
  Pages                    = {1694--1704},
  Volume                   = {22}
}

@article{KarypisK97,
  author    = {George Karypis and Vipin Kumar},
  title     = {{ParMETIS}: Parallel Graph Partitioning and Sparse Matrix Ordering library},
  volume   = {Tech. Rep. 97-060, Department of Computer Science, University of Minnesota},
  year      = {1997}
}

@Article{Haller01,
  Title                    = {Distinguished material surfaces and coherent structures in three-dimensional fluid flows},
  Author                   = {George Haller},
  Journal                  = {Physica D: Nonlinear Phenomena},
  Year                     = {2001},
  Number                   = {4},
  Pages                    = {248--277},
  Volume                   = {149},

  Owner                    = {hguo},
  Timestamp                = {2015.09.04}
}

@article{TaoWCSK18,
  author    = {Jun Tao and
               Chaoli Wang and
               Nitesh V. Chawla and
               Lei Shi and
               Seung Hyun Kim},
  title     = {Semantic Flow Graph: {A} Framework for Discovering Object Relationships
               in Flow Fields},
  journal   = {{IEEE} Trans. Vis. Comput. Graph.},
  volume    = {24},
  number    = {12},
  pages     = {3200--3213},
  year      = {2018}
}

@article{blumofe1999scheduling,
  title= {Scheduling multithreaded computations by work stealing},
  author={Blumofe, Robert D and Leiserson, Charles E},
  journal={Journal of the ACM (JACM)},
  volume={46},
  number={5},
  pages={720--748},
  year={1999},
  publisher={ACM}
}

@article{molnar1994a,
  title={A sorting classification of parallel rendering},
  author={Molnar, Steven and Cox, Michael and Ellsworth, David and Fuchs, Henry},
  journal={IEEE Computer Graphics and Applications},
  volume={14},
  number={4},
  pages={23--32},
  year={1994}
}